<record><leader>00000cas a22000007a 4500</leader><controlfield tag="001">11267042</controlfield><controlfield tag="008">841015d18641883inuwr ne      0    0eng d</controlfield><datafield ind1=" " ind2=" " tag="010"><subfield code="a">sn 84038253 </subfield></datafield><datafield ind1=" " ind2=" " tag="040"><subfield code="a">NPX</subfield><subfield code="b">eng</subfield><subfield code="c">NPX</subfield><subfield code="d">NPU</subfield><subfield code="d">NPI</subfield><subfield code="d">NVF</subfield><subfield code="d">OCL</subfield><subfield code="d">OCLCQ</subfield></datafield><datafield ind1=" " ind2=" " tag="042"><subfield code="a">msc</subfield></datafield><datafield ind1=" " ind2=" " tag="043"><subfield code="a">n-us-in</subfield></datafield><datafield ind1="0" ind2="4" tag="245"><subfield code="a">The Winamac Democrat.</subfield></datafield><datafield ind1=" " ind2=" " tag="260"><subfield code="a">Winamac, Ind. :</subfield><subfield code="b">F.B. Thomas,</subfield><subfield code="c">1864-</subfield></datafield><datafield ind1=" " ind2=" " tag="300"><subfield code="a">v. ;</subfield><subfield code="c">66 cm.</subfield></datafield><datafield ind1=" " ind2=" " tag="310"><subfield code="a">Weekly</subfield></datafield><datafield ind1="0" ind2=" " tag="362"><subfield code="a">Vol. 1, no. 1 (Aug. 11, 1864)-</subfield></datafield><datafield ind1="1" ind2=" " tag="362"><subfield code="a">Ceased in Oct. 1883.</subfield></datafield><datafield ind1=" " ind2="0" tag="651"><subfield code="a">Winnamac (Ind.)</subfield><subfield code="v">Newspapers.</subfield></datafield><datafield ind1=" " ind2=" " tag="752"><subfield code="a">United States</subfield><subfield code="b">Indiana</subfield><subfield code="c">Pulaski</subfield><subfield code="d">Winamac.</subfield></datafield><datafield ind1="0" ind2="0" tag="780"><subfield code="t">Winamac weekly herald</subfield><subfield code="w">(DLC)sn 87055051</subfield></datafield><datafield ind1="0" ind2="7" tag="785"><subfield code="t">Winamac journal</subfield><subfield code="w">(DLC)sn 87055054</subfield></datafield><datafield ind1="0" ind2="7" tag="785"><subfield code="t">Democratic journal (Winamac, Ind.)</subfield><subfield code="w">(DLC)sn 87055055</subfield></datafield></record>